@TechReport{parikshan, 
	author = {N. Arora, F. Ivancic and G. Kaiser},
	title = {Parikshan: Live Debugging of Production Systems in Isolation},
	booktitle = {Technical Report, Department of Computer Science, Columbia University cucs-009-15},
	month = {Aug},
	year = {2015}
}

@book{Gross:1985:FQT:6778,
 author = {Gross, Donald and Harris, Carl M.},
 title = {Fundamentals of Queueing Theory (2Nd Ed.).},
 year = {1985},
 isbn = {0-471-89067-7},
 publisher = {John Wiley \& Sons, Inc.},
 address = {New York, NY, USA},
} 

@article{kendall1953,
	author = "Kendall, David G.",
	doi = "10.1214/aoms/1177728975",
	fjournal = "The Annals of Mathematical Statistics",
	journal = "Ann. Math. Statist.",
	month = "09",
	number = "3",
	pages = "338--354",
	publisher = "The Institute of Mathematical Statistics",
	title = "Stochastic Processes Occurring in the Theory of Queues and their Analysis by the Method of the Imbedded Markov Chain",
	url = "http://dx.doi.org/10.1214/aoms/1177728975",
	volume = "24",
	year = "1953"
}

@article{ross1999hitting,
	title={Hitting time in an M/G/1 queue},
	author={Ross, Sheldon M and Seshadri, Sridhar},
	journal={Journal of applied probability},
	pages={934--940},
	year={1999},
	publisher={JSTOR}
}