@misc{openvz,
title={Open{VZ} {L}inux {C}ontainers},
howpublished={http://www.openvz.org}
}

@misc{thrift,
title={Apache {T}hrift},
howpublished={http://thrift.apache.org}
}

@misc{visualvm,
title={Visual{VM}},
howpublished={http://visualvm.java.net}
}

@misc{chaosmonkey,
  title={Netflix: {C}haos {M}onkey released into the wild. Netflix Tech Blog},
  author={Bennett, C and Tseitlin, A},
  year={2012}
}

@article{docker,
 title={Docker: lightweight Linux containers for consistent development and deployment},
 author={Merkel, Dirk},
 journal={Linux Journal},
 volume={2014},
 number={239},
 pages={2},
 year={2014},
 publisher={Belltown Media}
}

@misc{vzctl,
title={vzctl: {T}oolset to perform various operations in {OpenVZ}},
howpublished={http://www.openvz.org/Man/vzctl.8}
}

@misc{devops,
title={What is Devops?},
howpublished={http://www.radar.oreilly.com}
}

@book{eclipse,
  title={The {J}ava developer's guide to {E}clipse},
  author={D'Anjou, Jim},
  year={2005},
  publisher={Addison-Wesley Professional}
}

@inproceedings{valgrind,
 author = {Nethercote, Nicholas and Seward, Julian},
   title = {Valgrind: a framework for heavyweight dynamic binary instrumentation},
         booktitle = {PLDI '07},
  year = {2007},
  location = {San Diego, California, USA},
}   

@inproceedings{kremenek2007factor,
	title={A Factor Graph Model for Software Bug Finding.},
	author={Kremenek, Ted and Ng, Andrew Y and Engler, Dawson R},
	booktitle={IJCAI},
	pages={2510--2516},
	year={2007}
}

@book{intel_suite,
  title={Parallel Programming with {I}ntel {P}arallel {S}tudio {XE}},
  author={Blair-Chappell, Stephen and Stokes, Andrew},
  year={2012},
  publisher={John Wiley \& Sons}
}

@article{openflow,
  title={{OpenFlow}: enabling innovation in campus networks},
  author={McKeown, Nick and Anderson, Tom and Balakrishnan, Hari and Parulkar, Guru and Peterson, Larry and Rexford, Jennifer and Shenker, Scott and Turner, Jonathan},
  journal={ACM SIGCOMM Computer Communication Review},
  volume={38},
  number={2},
  pages={69--74},
  year={2008},
  publisher={ACM}
}

@book{glassfish,
  title={Beginning {Java} {EE} 6 {P}latform with {GlassFish} 3},
  author={Goncalves, Antonio},
  volume={2},
  year={2010},
  publisher={Springer}
}

@article{perpetual,
  title={Perpetually testing software},
  author={Osterweil, L},
  journal={The Ninth International Software Quality Week},
  year={1996}
}

@book{visual_studio,
  title={Software Engineering with {M}icrosoft {V}isual {S}tudio Team System (Microsoft. NET Development Series)},
  author={Guckenheimer, Sam and Perez, Juan J},
  year={2006},
  publisher={Addison-Wesley Professional}
}

@book{dtrace,
  title={Solaris (TM) Performance and Tools: DTrace and MDB Techniques for Solaris 10 and OpenSolaris (Solaris Series)},
  author={McDougall, Richard and Mauro, Jim and Gregg, Brendan},
  year={2006},
  publisher={Prentice Hall PTR}
 }

@inproceedings{mirkin2008containers,
  title={Containers checkpointing and live migration},
    author={Mirkin, Andrey and Kuznetsov, Alexey and Kolyshkin, Kir},
      booktitle={Proceedings of the Linux Symposium},
        pages={85--92},
	  year={2008}
	  }

@inproceedings{liu2005mining,
	title={Mining Behavior Graphs for {Backtrace} of Noncrashing Bugs.},
	author={Liu, Chao and Yan, Xifeng and Yu, Hwanjo and Han, Jiawei and Philip, S Yu},
	booktitle={SDM},
	pages={286--297},
	year={2005},
	organization={SIAM}
}

@inproceedings{Zhang:2013:ADS:2486788.2486830,
	author = {Zhang, Sai and Ernst, Michael D.},
	title = {Automated Diagnosis of Software Configuration Errors},
	booktitle = {Proceedings of the 2013 International Conference on Software Engineering},
	series = {ICSE '13},
	year = {2013},
	isbn = {978-1-4673-3076-3},
	location = {San Francisco, CA, USA},
	pages = {312--321},
	numpages = {10},
	url = {http://dl.acm.org/citation.cfm?id=2486788.2486830},
	acmid = {2486830},
	publisher = {IEEE Press},
	address = {Piscataway, NJ, USA},
} 
[download]

@inproceedings{pin,
 author = {Luk, Chi-Keung et al},
 title = {Pin: building customized program analysis tools with dynamic instrumentation},
 booktitle = {PLDI '05},
 year = {2005}
} 

@inproceedings{laadan2010transparent,
	title={Transparent, lightweight application execution replay on commodity multiprocessor operating systems},
	author={Laadan, Oren and Viennot, Nicolas and Nieh, Jason},
	booktitle={ACM SIGMETRICS Performance Evaluation Review},
	volume={38},
	number={1},
	pages={155--166},
	year={2010},
	organization={ACM}
}

@inproceedings{geels2007friday,
	title={Friday: Global Comprehension for Distributed Replay.},
	author={Geels, Dennis and Altekar, Gautam and Maniatis, Petros and Roscoe, Timothy and Stoica, Ion},
	booktitle={NSDI},
	volume={7},
	pages={285--298},
	year={2007}
}

@inproceedings{guo2008r2,
	title={R2: An application-level kernel for record and replay},
	author={Guo, Zhenyu and Wang, Xi and Tang, Jian and Liu, Xuezheng and Xu, Zhilei and Wu, Ming and Kaashoek, M Frans and Zhang, Zheng},
	booktitle={Proceedings of the 8th USENIX conference on Operating systems design and implementation},
	pages={193--208},
	year={2008},
	organization={USENIX Association}
}

@article{revirt,
	title={ReVirt: Enabling intrusion analysis through virtual-machine logging and replay},
	author={Dunlap, George W and King, Samuel T and Cinar, Sukru and Basrai, Murtaza A and Chen, Peter M},
	journal={ACM SIGOPS Operating Systems Review},
	volume={36},
	number={SI},
	pages={211--224},
	year={2002},
	publisher={ACM}
}

@inproceedings{odr,
	title={{ODR}: output-deterministic replay for multicore debugging},
	author={Altekar, Gautam and Stoica, Ion},
	booktitle={Proceedings of the ACM SIGOPS 22nd symposium on Operating systems principles},
	pages={193--206},
	year={2009},
	organization={ACM}
}

@inproceedings{aftersight,
  title={Decoupling dynamic program analysis from execution in virtual environments},
  author={Chow, Jim and Garfinkel, Tal and Chen, Peter M},
  booktitle={USENIX 2008 Annual Technical Conference on Annual Technical Conference},
  pages={1--14},
  year={2008}
 }

@inproceedings{clue,
	title={{CLUE}: System trace
	analytics for cloud service performance diagnosis},
	author={Zhang, Hui and Rhee, Junghwan and Arora, Nipun and Gamage, Sahan and Jiang, Guofei and Yoshihira, Kenji and Xu, Dongyan},
	booktitle={Network Operations and Management Symposium (NOMS), 2014 IEEE},
	pages={1--9},
	year={2014},
	organization={IEEE}
}

@inproceedings{kscope,
	title={Software system performance debugging with kernel events feature guidance},
	author={Rhee, Junghwan and Zhang, Hui and Arora, Nipun and Jiang, Guofei and Yoshihira, Kenji},
	booktitle={Network Operations and Management Symposium (NOMS), 2014 IEEE},
	pages={1--5},
	year={2014},
	organization={IEEE}
}

@article{dyninst,
 author = {Buck, Bryan and Hollingsworth, Jeffrey K.},
 title = {An {API} for Runtime Code Patching},
 journal = {Int. J. High Perform. Comput. Appl.},
 issue_date = {November  2000}
} 

@inproceedings{iprobe,
  title={{iProbe}: A lightweight user-level dynamic instrumentation tool},
    author={Arora, Nipun and Zhang, Hui and Rhee, Junghwan and Yoshihira, Kenji and Jiang, Guofei},
      booktitle={Automated Software Engineering (ASE), 2013 IEEE/ACM 28th International Conference on},
        pages={742--745},
	  year={2013},
	    organization={IEEE}
	    }

@article{httperf,
  title={httperf—a tool for measuring web server performance},
    author={Mosberger, David and Jin, Tai},
      journal={ACM SIGMETRICS Performance Evaluation Review},
      volume={26},
      number={3},
      pages={31--37},
      year={1998},
      publisher={ACM}
}



@misc{lxc,
	title={Linux Containers, Userspace tools for the Linux Kernel Containers},
	howpublished={https://linuxcontainers.org}
}

@misc{netflix,
	title={Netflix: On-Demand Internet Streaming Media},
	howpublished={https://www.netflix.com}
}

@misc{openstack,
	title={OpenStack: OpenSource platform for building private and public clouds},
	howpublished={https://www.openstack.org}
}

@misc{ploop,
	title={Ploop: Containers in a file},
	howpublished={http://openvz.org/Ploop}
}

@misc{nat,
	title={{NAT}: Network Address Translation},
	howpublished={http://en.wikipedia.org/wiki/Network\_address\_translation}
}

@book{abtesting,
  title={Always be testing: The complete guide to {G}oogle website optimizer},
  author={Eisenberg, Bryan and Quarto-vonTivadar, John},
  year={2009},
  publisher={John Wiley \& Sons}
}

@techreport{gdb,
  title={The gnu debugger},
  author={Stallman, R},
  year={1986},
  institution={Technical report, Free Software Foundation, Inc, 675 Mass. Avenue, Cambridge, MA, 02139, USA}
}

@article{fio,
	title={Fio-flexible io tester},
	author={Axboe, Jens},
	journal={uRL: http://freecode. com/projects/fio},
	year={2008}
}

@inproceedings{magpie,
  title={Using {Magpie} for Request Extraction and Workload Modelling.},
  author={Barham, Paul and Donnelly, Austin and Isaacs, Rebecca and Mortier, Richard},
  booktitle={OSDI},
  volume={4},
  pages={18--18},
  year={2004}
}

@inproceedings{vPath,
  title={{vPath}: Precise Discovery of Request Processing Paths from Black-Box Observations of Thread and Network Activities.},
  author={Tak, Byung-Chul and Tang, Chunqiang and Zhang, Chun and Govindan, Sriram and Urgaonkar, Bhuvan and Chang, Rong N},
  booktitle={USENIX Annual technical conference},
  year={2009}
}

@inproceedings{winetw,
  title={Event Tracing for Windows: Best Practices.},
  author={Park, Insung and Buch, R},
  booktitle={Int. CMG Conference},
  pages={565--574},
  year={2004}
}
	  
@unpublished{10DevOps,
title= {10+ Deploys Per Day: Dev and Ops Cooperation at Flickr},
author = {Allspaw J., Hammond P.},
year = {2009},
note= {O’Reilly Velocity Web Performance and Operations Conference},
URL= {http://velocityconf.com/velocity2009/public/schedule/detail/7641},
}

@inproceedings{dacapo,
  title={The DaCapo benchmarks: Java benchmarking development and analysis},
    author={Blackburn, Stephen M and Garner, Robin and Hoffmann, Chris and Khang, Asjad M and McKinley, Kathryn S and Bentzur, Rotem and Diwan, Amer and Feinberg, Daniel and Frampton, Daniel and Guyer, Samuel Z and others},
      booktitle={ACM Sigplan Notices},
        volume={41},
	  number={10},
	    pages={169--190},
	      year={2006},
	        organization={ACM}
}

@misc{petstore,
title={PetStore a sample Java Platform, Enterprise Edition reference application},
howpublished={http://www.oracle.com/technetwork/java/petstore1-1-2-136742.html}
}

@inproceedings{shanluPerf,
	author = {Jin, Guoliang and Song, Linhai and Shi, Xiaoming and Scherpelz, Joel and Lu, Shan},
	title = {Understanding and Detecting Real-world Performance Bugs},
	booktitle = {Proceedings of the 33rd ACM SIGPLAN Conference on Programming Language Design and Implementation},
	series = {PLDI '12},
	year = {2012},
	isbn = {978-1-4503-1205-9},
	location = {Beijing, China},
	pages = {77--88},
	numpages = {12},
	url = {http://doi.acm.org/10.1145/2254064.2254075},
	doi = {10.1145/2254064.2254075},
	acmid = {2254075},
	publisher = {ACM},
	address = {New York, NY, USA},
	keywords = {characteristics study, performance bugs, rule-based bug detection},
} 

@inproceedings{sun2009fast,
  title={Fast live cloning of virtual machine based on xen},
    author={Sun, Yifeng and Luo, Yingwei and Wang, Xiaolin and Wang, Zhenlin and Zhang, Binbin and Chen, Haogang and Li, Xiaoming},
      booktitle={High Performance Computing and Communications, 2009. HPCC'09. 11th IEEE International Conference on},
      pages={392--399},
 year={2009},
organization={IEEE}
}



@inproceedings{nelson2005fast,
  title={Fast Transparent Migration for Virtual Machines.},
    author={Nelson, Michael and Lim, Beng-Hong and Hutchins, Greg and others},
      booktitle={USENIX Annual Technical Conference, General Track},
        pages={391--394},
	  year={2005}
	  }
	  
@inproceedings{kivity2007kvm,
  title={kvm: the Linux virtual machine monitor},
    author={Kivity, Avi and Kamay, Yaniv and Laor, Dor and Lublin, Uri and Liguori, Anthony},
      booktitle={Proceedings of the Linux Symposium},
        volume={1},
	  pages={225--230},
	    year={2007}
	    }

@inproceedings{clark2005live,
  title={Live migration of virtual machines},
    author={Clark, Christopher and Fraser, Keir and Hand, Steven and Hansen, Jacob Gorm and Jul, Eric and Limpach, Christian and Pratt, Ian and Warfield, Andrew},
      booktitle={Proceedings of the 2nd conference on Symposium on Networked Systems Design \& Implementation-Volume 2},
        pages={273--286},
	  year={2005},
	    organization={USENIX Association}
	    }

@misc{gebhart2009dynamic,
  title={Dynamic cluster expansion through virtualization-based live cloning},
    author={Gebhart, A. and Bozak, E.},
      url={https://www.google.com/patents/US20090228883},
        year={2009},
	  month=sep # "~10",
	    publisher={Google Patents},
	      note={US Patent App. 12/044,888}
	      }

@misc{gcompute,
title={Google {C}ompute},
howpublished={https://cloud.google.com/compute/}
}


@inproceedings{Sun:2009:FLC:1581383.1582148,
 author = {Sun, Yifeng and Luo, Yingwei and Wang, Xiaolin and Wang, Zhenlin and Zhang, Binbin and Chen, Haogang and Li, Xiaoming},
  title = {Fast Live Cloning of Virtual Machine Based on Xen},
   booktitle = {Proceedings of the 2009 11th IEEE International Conference on High Performance Computing and Communications},
    series = {HPCC '09},
     year = {2009},
      isbn = {978-0-7695-3738-2},
       pages = {392--399},
        numpages = {8},
	 url = {http://dx.doi.org/10.1109/HPCC.2009.97},
	  doi = {10.1109/HPCC.2009.97},
	   acmid = {1582148},
	    publisher = {IEEE Computer Society},
	     address = {Washington, DC, USA},
	      keywords = {Virtual Machine Monitor (VMM), Xen, Virtual Machine (VM), VM Clone, Copy-on-write},
	      }
	      