@misc{openvz,
title={OpenVZ Linux Containers},
howpublished={http://www.openvz.org}
}

@misc{vzctl,
title={vzctl: Toolset to perform various operations in OpenVZ},
howpublished={http://www.openvz.org/Man/vzctl.8}
}

@misc{devops,
title={What is Devops?},
howpublished={http://www.radar.oreilly.com}
}

@inproceedings{valgrind,
 author = {Nethercote, Nicholas and Seward, Julian},
   title = {Valgrind: a framework for heavyweight dynamic binary instrumentation},
         booktitle = {PLDI '07},
  year = {2007},
  location = {San Diego, California, USA},
}   


@inproceedings{pin,
 author = {Luk, Chi-Keung et al},
 title = {Pin: building customized program analysis tools with dynamic instrumentation},
 booktitle = {PLDI '05},
 year = {2005}
} 

@inproceedings{clue,
	title={CLUE: System trace analytics for cloud service performance diagnosis},
	author={Zhang, Hui and Rhee, Junghwan and Arora, Nipun and Gamage, Sahan and Jiang, Guofei and Yoshihira, Kenji and Xu, Dongyan},
	booktitle={Network Operations and Management Symposium (NOMS), 2014 IEEE},
	pages={1--9},
	year={2014},
	organization={IEEE}
}

@inproceedings{kscope,
	title={Software system performance debugging with kernel events feature guidance},
	author={Rhee, Junghwan and Zhang, Hui and Arora, Nipun and Jiang, Guofei and Yoshihira, Kenji},
	booktitle={Network Operations and Management Symposium (NOMS), 2014 IEEE},
	pages={1--5},
	year={2014},
	organization={IEEE}
}

@article{dyninst,
 author = {Buck, Bryan and Hollingsworth, Jeffrey K.},
 title = {An API for Runtime Code Patching},
 journal = {Int. J. High Perform. Comput. Appl.},
 issue_date = {November  2000}
} 

@inproceedings{iprobe,
  title={iProbe: A lightweight user-level dynamic instrumentation tool},
    author={Arora, Nipun and Zhang, Hui and Rhee, Junghwan and Yoshihira, Kenji and Jiang, Guofei},
      booktitle={Automated Software Engineering (ASE), 2013 IEEE/ACM 28th International Conference on},
        pages={742--745},
	  year={2013},
	    organization={IEEE}
	    }

@article{httperf,
  title={httperfâ€”a tool for measuring web server performance},
    author={Mosberger, David and Jin, Tai},
      journal={ACM SIGMETRICS Performance Evaluation Review},
      volume={26},
      number={3},
      pages={31--37},
      year={1998},
      publisher={ACM}
}



@misc{lxc,
	title={Linux Containers, Userspace tools for the Linux Kernel Containers},
	howpublished={https://linuxcontainers.org}
}

@misc{netflix,
	title={Netflix: On-Demand Internet Streaming Media},
	howpublished={https://www.netflix.com}
}

@misc{openstack,
	title={OpenStack: OpenSource platform for building private and public clouds},
	howpublished={https://www.openstack.org}
}

@misc{ploop,
	title={Ploop: Containers in a file},
	howpublished={http://openvz.org/Ploop}
}

@misc{nat,
	title={NAT: Network Address Translation},
	howpublished={http://en.wikipedia.org/wiki/Network\_address\_translation}
}


@article{chaosmonkey,
	title={The antifragile organization},
	author={Tseitlin, Ariel},
	journal={Communications of the ACM},
	volume={56},
	number={8},
	pages={40--44},
	year={2013},
	publisher={ACM}
}

@article{fio,
	title={Fio-flexible io tester},
	author={Axboe, Jens},
	journal={uRL: http://freecode. com/projects/fio},
	year={2008}
}